@article{Linzen:2016ud,
author = {Linzen, Tal and Dupoux, Emmanuel and Goldberg, Yoav},
title = {{Assessing the Ability of LSTMs to Learn Syntax-Sensitive Dependencies.}},
journal = {Ieee Signal Processing Magazine},
year = {2016},
volume = {cs.CL}
}

@article{Bergstra:2012ux,
author = {Bergstra, James and Bengio, Yoshua},
title = {{Random Search for Hyper-Parameter Optimization.}},
journal = {Journal of Machine Learning Research},
year = {2012}
}

@article{vanderMaaten:2008tm,
author = {van der Maaten, Laurens and Hinton, Geoffrey},
title = {{Visualizing Data using t-SNE}},
journal = {Journal of Machine Learning Research},
year = {2008},
volume = {9},
pages = {2579--2605},
month = nov
}


